<?xml version="1.0" encoding="UTF-8"?><collection xmlns="http://www.loc.gov/MARC21/slim"><record><leader>00501nam--2200193-i-4500</leader><controlfield tag="001">000015982</controlfield><controlfield tag="002">20161230</controlfield><controlfield tag="005">20161230201031</controlfield><controlfield tag="008">060222s1000------------r-----000-0-rum-d</controlfield><datafield ind1=" " ind2=" " tag="040"><subfield code="a">IFIN-HH</subfield></datafield><datafield ind1=" " ind2=" " tag="041"><subfield code="a">rum</subfield></datafield><datafield ind1=" " ind2=" " tag="080"><subfield code="a">531.2</subfield></datafield><datafield ind1="1" ind2=" " tag="100"><subfield code="a">Balan, Stefan</subfield></datafield><datafield ind1="1" ind2="0" tag="245"><subfield code="a">Culegere de probleme de mecanica</subfield><subfield code="b">Statica</subfield><subfield code="c">Stefan Balan, Octavian Vlad</subfield></datafield><datafield ind1=" " ind2=" " tag="260"><subfield code="a">Bucuresti, Inst.De Constructii, 1958</subfield></datafield><datafield ind1=" " ind2=" " tag="300"><subfield code="a">354P</subfield></datafield><datafield ind1="1" ind2=" " tag="700"><subfield code="a">Vlad Octavian</subfield></datafield><datafield ind1=" " ind2=" " tag="852"><subfield code="a">76576</subfield><subfield code="c">531</subfield></datafield><datafield ind1=" " ind2=" " tag="CAT"><subfield code="a">Sys</subfield><subfield code="c">20100708</subfield><subfield code="h">120217</subfield></datafield></record></collection>